@misc{map_index,
  title = {Map access using key},
  howpublished = {\url{https://en.cppreference.com/w/cpp/container/map/operator_at}},
  note = {Accessed: 17/05/2024}
}

@misc{map_find,
  title = {Map access using find},
  howpublished = {\url{https://en.cppreference.com/w/cpp/container/map/find}},
  note = {Accessed: 17/05/2024}
}

@misc{unsorted_map_index,
  title = {Unsorted map access using key},
  howpublished = {\url{https://en.cppreference.com/w/cpp/container/unordered_map/operator_at}},
  note = {Accessed: 17/05/2024}
}

@misc{unsorted_map_find,
  title = {Unsorted map access using find},
  howpublished = {\url{https://en.cppreference.com/w/cpp/container/unordered_map/find}},
  note = {Accessed: 17/05/2024}
}